
%
%  ProjectPlan.bib - source text for project plan bibliography
%


@book{wooldridge2002,
  key       = {wooldridge2002},
  author    = {Michael Wooldridge},
  title     = {{An Introduction to Multiagent Systems}},
  publisher = {{John Wiley \& Sons}},
  address   = {{Chichester, UK}},
  month     = feb,
  year      = 2002
}

@article{shoham95,
  author  = {Y. Shoham and M. Tennenholtz},
  title   = {{On Social Laws for Artificial Agent Societies: Off-line Design}},
  journal = {Artificial Intelligence},
  year    = {1995},
  volume  = {73},
  number  = {1-2},
  pages   = {231-252}
}

@inproceedings{garcia-camino2005,
  author    = {A. Garcia-Camino and P. Noriega and Rodriguez-Aguilar, J. A.},
  title     = {{Implementing Norms in Electronic Institutions}},
  booktitle = {{4th Int'l Joint Conf on Autonomous
               Agents and Multiagent Systems (AAMAS)}},
  address   = {{Utrecht, The Netherlands}},
  month     = jul,
  year      = {2005},
  publisher = {ACM Press}
}


